%%%%%%%%%%%%%%%%%%
% Examples below %
%%%%%%%%%%%%%%%%%%

@BOOKLET{Madsen2010,
	author = {Lars Madsen},
	title = {Introduktion til {LaTeX}},
	year = {2010},
	howpublished = {\url{http://www.imf.au.dk/system/latex/bog/}}
}

@MISC{Oetiker2010,
	author = {Tobias Oetiker},
	title = {The Not So Short A Introduction to {LaTeX2e}},
	year = {2010},
	howpublished = {\url{http://tobi.oetiker.ch/lshort/lshort.pdf}}
}

@BOOK{Mittelbach2005,
	author = {Frank Mittelbach},
	edition = {2. ed.},
	publisher = {Addison-Wesley},
	title = {The LATEX companion},
	year = 2005
}

%%%%%%%%%%%%%%%%%%%%%%%%%%%%%%%
% Our entries below this line %
%%%%%%%%%%%%%%%%%%%%%%%%%%%%%%%

@MISC{HAL_library,
	title = {STM32CubeF4},
	author = {STMicroelectronics},
	url = {http://www.st.com/content/st_com/en/products/embedded-software/
		mcus-embedded-software/stm32-embedded-software/
		stm32cube-embedded-software/stm32cubef4.html},
}

@MISC{raspberry_specs,
	title = {Raspberry Pi 3 Model B},
	author = {Raspberry Pi Foundation},
	url = {https://www.raspberrypi.org/products/raspberry-pi-3-model-b},
	year = {2016},
	month = {2},
}

@MISC{creator_ci40_specs,
	title = {Creator Ci40 IoT Hub},
	author = {Imagination Technologies},
	url = {http://creatordev.io/ci40-iot-hub},
}

@MISC{MINI-M4_tiva_specs,
	title = {MINI-M4 for Tivaâ„¢ C Series},
	author = {MikroElektronika},
	url = {http://www.mikroe.com/mini/tiva},
}

@MISC{MINI-M4_stm32_specs,
	title = {MINI-M4 for STM32},
	author = {MikroElektronika},
	url = {http://www.mikroe.com/mini/stm32},
}
